<?xml version="1.0" encoding="UTF-8"?><record xmlns="http://www.loc.gov/MARC21/slim" xmlns:cinclude="http://apache.org/cocoon/include/1.0" xmlns:zs="http://www.loc.gov/zing/srw/">
  <leader>00655cz  a2200193n  4500</leader>
  <controlfield tag="001">n  95023600 </controlfield>
  <controlfield tag="003">DLC</controlfield>
  <controlfield tag="005">19950313073355.3</controlfield>
  <controlfield tag="008">950310n| acabaaaa|          |a aaa |||  </controlfield>
  <datafield tag="010" ind1=" " ind2=" ">
    <subfield code="a">n  95023600 </subfield>
  </datafield>
  <datafield tag="040" ind1=" " ind2=" ">
    <subfield code="a">DLC</subfield>
    <subfield code="c">DLC</subfield>
    <subfield code="d">DLC</subfield>
  </datafield>
  <datafield tag="100" ind1="1" ind2="0">
    <subfield code="a">Roulet, Claude.</subfield>
    <subfield code="t">Chroniques et lettres de l'Ouest.</subfield>
    <subfield code="p">Suite complémentaire</subfield>
  </datafield>
  <datafield tag="430" ind1=" " ind2="0">
    <subfield code="a">Chroniques et lettres de l'Ouest.</subfield>
    <subfield code="p">Suite complémentaire</subfield>
  </datafield>
  <datafield tag="642" ind1=" " ind2=" ">
    <subfield code="a">3</subfield>
    <subfield code="5">DLC</subfield>
  </datafield>
  <datafield tag="643" ind1=" " ind2=" ">
    <subfield code="a">Neuchâtel</subfield>
    <subfield code="b">Editions H. Messeiller</subfield>
  </datafield>
  <datafield tag="644" ind1=" " ind2=" ">
    <subfield code="a">f</subfield>
    <subfield code="5">DLC</subfield>
  </datafield>
  <datafield tag="645" ind1=" " ind2=" ">
    <subfield code="a">t</subfield>
    <subfield code="5">DLC</subfield>
  </datafield>
  <datafield tag="646" ind1=" " ind2=" ">
    <subfield code="a">s</subfield>
    <subfield code="5">DLC</subfield>
  </datafield>
  <datafield tag="670" ind1=" " ind2=" ">
    <subfield code="a">Le doigt sur la carte, ou, La Suisse revisitée, c1993:</subfield>
    <subfield code="b">t.p. (Chroniques et lettres de l'Ouest, Suite complémentaire)</subfield>
  </datafield>
</record>